<?xml version="1.0" encoding="UTF-8"?><collection xmlns="http://www.loc.gov/MARC21/slim"><record><leader>00421nam--2200133-i-4500</leader><controlfield tag="001">000001505</controlfield><controlfield tag="002">20161230</controlfield><controlfield tag="005">20161230201024</controlfield><controlfield tag="008">060222s1000------------r-----000-0-eng-d</controlfield><datafield ind1=" " ind2=" " tag="080"><subfield code="a">547.7:543.5(043)</subfield></datafield><datafield ind1=" " ind2=" " tag="100"><subfield code="a">Franchiolo-vial, Michele</subfield></datafield><datafield ind1=" " ind2=" " tag="245"><subfield code="a">Ezude photophysique en phase solide de trois composes isologues de l anthracene.these</subfield></datafield><datafield ind1=" " ind2=" " tag="260"><subfield code="a">Grenoble,Universite Scientifique Et Medicale, 1980. 113 P</subfield></datafield><datafield ind1=" " ind2=" " tag="852"><subfield code="a">49709</subfield></datafield></record></collection>